
% the internet of vehicle
@inproceedings{conf/wf-iot/GerlaLPL14,
  author    = {Mario Gerla and
               Eun{-}Kyu Lee and
               Giovanni Pau and
               Uichin Lee},
  title     = {Internet of vehicles: From intelligent grid to autonomous cars and
               vehicular clouds},
  booktitle = {{IEEE} World Forum on Internet of Things, {WF-IoT}},
  pages     = {241--246},
  year      = {2014}
}

@article{journals/tits/ChengCZLGL15,
  author    = {Jiujun Cheng and
               Junlu Cheng and
               MengChu Zhou and
               Fuqiang Liu and
               Shangce Gao and
               Cong Liu},
  title     = {Routing in Internet of Vehicles: {A} Review},
  journal   = {{IEEE} Trans. Intell. Transp. Syst.},
  volume    = {16},
  number    = {5},
  pages     = {2339--2352},
  year      = {2015}
}

@article{journals/pvldb/ZhangWLXL17,
  author    = {Mingming Zhang and
               Tianyu Wo and
               Xuelian Lin and
               Tao Xie and
               Yaxiao Liu},
  title     = {CarStream: An Industrial System of Big Data Processing for Internet-of-Vehicles},
  journal   = {Proc. {VLDB} Endow.},
  volume    = {10},
  number    = {12},
  pages     = {1766--1777},
  year      = {2017}
}

@article{journals/comsur/WangLKLSXH20,
  author    = {Haoxin Wang and
               Tingting Liu and
               BaekGyu Kim and
               Chung{-}Wei Lin and
               Shinichi Shiraishi and
               Jiang (Linda) Xie and
               Zhu Han},
  title     = {Architectural Design Alternatives Based on Cloud/Edge/Fog Computing
               for Connected Vehicles},
  journal   = {{IEEE} Commun. Surv. Tutorials},
  volume    = {22},
  number    = {4},
  pages     = {2349--2377},
  year      = {2020}
}

@article{journals/tccn/NingDWGRKHK19,
  author    = {Zhaolong Ning and
               Peiran Dong and
               Xiaojie Wang and
               Lei Guo and
               Joel J. P. C. Rodrigues and
               Xiangjie Kong and
               Jun Huang and
               Ricky Yu{-}Kwong Kwok},
  title     = {Deep Reinforcement Learning for Intelligent Internet of Vehicles:
               An Energy-Efficient Computational Offloading Scheme},
  journal   = {{IEEE} Trans. Cogn. Commun. Netw.},
  volume    = {5},
  number    = {4},
  pages     = {1060--1072},
  year      = {2019}
}

% data risk

@inproceedings{conf/sp/FrassinelliPN20,
  author    = {Daniel Frassinelli and
               Sohyeon Park and
               Stefan N{\"{u}}rnberger},
  title     = {I Know Where You Parked Last Summer : Automated Reverse Engineering
               and Privacy Analysis of Modern Cars},
  booktitle = {{IEEE} Symposium on Security and Privacy, {SP}},
  pages     = {1401--1415},
  year      = {2020}
}







% encryption 


@article{journals/pieee/LuZNF20,
  author    = {Rongxing Lu and
               Lan Zhang and
               Jianbing Ni and
               Yuguang Fang},
  title     = {5G Vehicle-to-Everything Services: Gearing Up for Security and Privacy},
  journal   = {Proc. {IEEE}},
  volume    = {108},
  number    = {2},
  pages     = {373--389},
  year      = {2020}
}

% blockchain
@article{journals/csur/LaoLHXGY20,
  author    = {Laphou Lao and
               Zecheng Li and
               Songlin Hou and
               Bin Xiao and
               Songtao Guo and
               Yuanyuan Yang},
  title     = {A Survey of IoT Applications in Blockchain Systems: Architecture,
               Consensus, and Traffic Modeling},
  journal   = {{ACM} Comput. Surv.},
  volume    = {53},
  number    = {1},
  pages     = {18:1--18:32},
  year      = {2020}
}




% anonymity
@inproceedings{conf/icc/WuLYD17,
  author    = {Xiaotong Wu and
               Shu Li and
               Jun Yang and
               Wanchun Dou},
  title     = {A cost sharing mechanism for location privacy preservation in big
               trajectory data},
  booktitle = {{IEEE} International Conference on Communications, {ICC}},
  pages     = {1--6},
  year      = {2017}
}

@article{journals/tvt/YingMH15,
  author    = {Bidi Ying and
               Dimitrios Makrakis and
               Zhengzhou Hou},
  title     = {Motivation for Protecting Selfish Vehicles' Location Privacy in Vehicular
               Networks},
  journal   = {{IEEE} Trans. Veh. Technol.},
  volume    = {64},
  number    = {12},
  pages     = {5631--5641},
  year      = {2015}
}

@article{journals/comsur/ContiWC13,
  author    = {Mauro Conti and
               Jeroen Willemsen and
               Bruno Crispo},
  title     = {Providing Source Location Privacy in Wireless Sensor Networks: {A}
               Survey},
  journal   = {{IEEE} Commun. Surv. Tutorials},
  volume    = {15},
  number    = {3},
  pages     = {1238--1280},
  year      = {2013}
}



@inproceedings{conf/icde/MachanavajjhalaGKV06,
  author    = {Ashwin Machanavajjhala and
               Johannes Gehrke and
               Daniel Kifer and
               Muthuramakrishnan Venkitasubramaniam},
  title     = {l-Diversity: Privacy Beyond k-Anonymity},
  booktitle = {Proceedings of the 22nd International Conference on Data Engineering,
               {ICDE}},
  pages     = {24},
  year      = {2006}
}

@inproceedings{conf/icde/LiLV07,
  author    = {Ninghui Li and
               Tiancheng Li and
               Suresh Venkatasubramanian},
  title     = {t-Closeness: Privacy Beyond k-Anonymity and l-Diversity},
  booktitle = {Proceedings of the 23rd International Conference on Data Engineering,
               {ICDE}},
  pages     = {106--115},
  year      = {2007}
}


% differential privacy

@inproceedings{conf/tamc/Dwork08,
  author    = {Cynthia Dwork},
  title     = {Differential Privacy: {A} Survey of Results},
  booktitle = {Proceedings of 5th International Conference on Theory and Applications of Models of Computation,  {TAMC}},
  series    = {Lecture Notes in Computer Science},
  volume    = {4978},
  pages     = {1--19},
  publisher = {Springer},
  year      = {2008}
}



% local differential privacy

@inproceedings{conf/focs/DuchiJW13,
  author    = {John C. Duchi and
               Michael I. Jordan and
               Martin J. Wainwright},
  title     = {Local Privacy and Statistical Minimax Rates},
  booktitle = {54th Annual {IEEE} Symposium on Foundations of Computer Science, {FOCS}},
  pages     = {429--438},
  year      = {2013}
}








@article{journals/tits/RigasRB15,
  author    = {Emmanouil S. Rigas and
               Sarvapali D. Ramchurn and
               Nick Bassiliades},
  title     = {Managing Electric Vehicles in the Smart Grid Using Artificial Intelligence:
               {A} Survey},
  journal   = {{IEEE} Trans. Intell. Transp. Syst.},
  volume    = {16},
  number    = {4},
  pages     = {1619--1635},
  year      = {2015}
}





















